@article{djordjevic2008,
  title={{Cal2: Computer aided learning in computer architecture laboratory}},
  author={Djordjevic, J and Nikolic, B and Tanja, B and Milenkovi{\'c}, A},
  journal={Computer Applications in Engineering Education},
  volume={16},
  number={3},
  pages={199--207},
  year={2008}
}

@inproceedings{oztekin2011,
  title={{A software-based interactive system on BZK.SAU.FPGA10.1 micro computer design for teaching computer architecture and organization}},
  author={Oztekin, H and Temurtas, F and Gulbag, A},
  booktitle={ELECO 2011 - 7th International Conference on Electrical and Electronics Engineering},
  year={2011}
}

@inproceedings{senske2014,
  title={{Confronting the challenges of computational design instruction}},
  author={Senske, N},
  booktitle={Rethinking Comprehensive Design: Speculative Counterculture - Proceedings of the 19th International Conference on Computer-Aided Architectural Design Research in Asia, CAADRIA 2014},
  year={2014}
}

@inproceedings{yang2019,
  title={{RM2PT: A tool for automated prototype generation from requirements model}},
  author={Yang, Y and Li, X and Liu, Z and Ke, W},
  booktitle={Proceedings - 2019 IEEE/ACM 41st International Conference on Software Engineering: Companion (ICSE-Companion 2019)},
  year={2019}
}

@inproceedings{ihtemam2024,
  title={{Investigative analysis of three RISC-V microarchitectures in the context of computer architecture research}},
  author={Ihtemam, R M and Khan, R and Qayum, M A},
  booktitle={2024 27th International Conference on Computer and Information Technology, ICCIT 2024 - Proceedings},
  year={2024}
}

@inproceedings{khairullah2022,
  title={{Realization of a 16-bit MIPS RISC pipeline processor}},
  author={Khairullah, S S},
  booktitle={HORA 2022 - 4th International Congress on Human-Computer Interaction, Optimization and Robotic Applications, Proceedings},
  year={2022}
}

@article{mallidu2023,
  title={{A survey on in-order 5-stage pipeline RISC-V processor implementation}},
  author={Mallidu, J and Siddamal, S V},
  journal={Lecture Notes in Networks and Systems},
  year={2023}
}

@inproceedings{poojary2025,
  title={{Design of RV32I instruction set architecture}},
  author={Poojary, M S and Ravi, H K},
  booktitle={International Conference on Smart Systems for Applications in Electrical Sciences, ICSSES 2025},
  year={2025}
}

@inproceedings{vollmar2007,
  title={{MARS: An education-oriented MIPS assembly language simulator}},
  author={Vollmar, K and Sanderson, P},
  booktitle={Proceedings of the Thirty-Seventh SIGCSE Technical Symposium on Computer Science Education},
  year={2007}
}

@inproceedings{giorgi2019,
  title={{WebriSC-V: A web-based education-oriented RISC-V pipeline simulation environment}},
  author={Giorgi, R and Mariotti, G},
  booktitle={Proceedings of the Workshop on Computer Architecture Education, WCAE 2019},
  year={2019}
}

@inproceedings{krim2025,
  title={{VRV: A configurable and educational RISC-V simulator}},
  author={Krim, S and Porquet-Lupine, J},
  booktitle={2025 IEEE 18th International Symposium on Embedded Multicore/Many-core Systems-on-Chip (MCSoC)},
  year={2025}
}